<record><leader>00000cas a2200000Ia 4500</leader><controlfield tag="001">13922075</controlfield><controlfield tag="008">860724d189519uuvaumr n       0    0eng d</controlfield><datafield ind1=" " ind2=" " tag="010"><subfield code="a">sn 94060050 </subfield></datafield><datafield ind1=" " ind2=" " tag="040"><subfield code="a">VIC</subfield><subfield code="b">eng</subfield><subfield code="c">VIC</subfield><subfield code="d">NVK</subfield><subfield code="d">OCLCQ</subfield><subfield code="d">NVK</subfield><subfield code="d">OCLCF</subfield><subfield code="d">OCLCO</subfield><subfield code="d">NVK</subfield></datafield><datafield ind1=" " ind2=" " tag="043"><subfield code="a">n-us-va</subfield></datafield><datafield ind1=" " ind2=" " tag="090"><subfield code="a">BX6201</subfield><subfield code="b">.B2</subfield></datafield><datafield ind1="0" ind2=" " tag="130"><subfield code="a">Baptist union (Danville, Va.)</subfield></datafield><datafield ind1="1" ind2="4" tag="245"><subfield code="a">The Baptist union.</subfield></datafield><datafield ind1=" " ind2=" " tag="260"><subfield code="a">Danville, Va. :</subfield><subfield code="b">Roanoke Baptist Union</subfield></datafield><datafield ind1=" " ind2=" " tag="300"><subfield code="a">v.</subfield></datafield><datafield ind1=" " ind2=" " tag="310"><subfield code="a">Monthly</subfield></datafield><datafield ind1="1" ind2=" " tag="362"><subfield code="a">Began in 1895.</subfield></datafield><datafield ind1=" " ind2=" " tag="530"><subfield code="a">Also available online.</subfield></datafield><datafield ind1=" " ind2=" " tag="580"><subfield code="a">Organ of the Roanoke Baptist Association and Dan River Baptist Association.</subfield></datafield><datafield ind1=" " ind2=" " tag="588"><subfield code="a">Description based on: Vol. 8, no. 3 (Mar. 1895).</subfield></datafield><datafield ind1=" " ind2="0" tag="650"><subfield code="a">Baptists</subfield><subfield code="z">Virginia</subfield><subfield code="z">Danville</subfield><subfield code="v">Newspapers.</subfield></datafield><datafield ind1=" " ind2="0" tag="651"><subfield code="a">Danville (Va.)</subfield><subfield code="v">Newspapers.</subfield></datafield><datafield ind1=" " ind2="7" tag="650"><subfield code="a">Baptists.</subfield><subfield code="2">fast</subfield><subfield code="0">(OCoLC)fst00827285</subfield></datafield><datafield ind1=" " ind2="7" tag="651"><subfield code="a">Virginia</subfield><subfield code="z">Danville.</subfield><subfield code="2">fast</subfield><subfield code="0">(OCoLC)fst01205159</subfield></datafield><datafield ind1=" " ind2="7" tag="655"><subfield code="a">Newspapers.</subfield><subfield code="2">fast</subfield><subfield code="0">(OCoLC)fst01423814</subfield></datafield><datafield ind1="2" ind2=" " tag="710"><subfield code="a">Roanoke Baptist Association.</subfield></datafield><datafield ind1="2" ind2=" " tag="710"><subfield code="a">Dan River Baptist Association (Va.)</subfield></datafield><datafield ind1=" " ind2=" " tag="752"><subfield code="a">United States</subfield><subfield code="b">Virginia</subfield><subfield code="d">Danville.</subfield></datafield><datafield ind1="0" ind2="0" tag="780"><subfield code="t">Roanoke Baptist union</subfield><subfield code="w">(DLC)sn 95079193</subfield></datafield><datafield ind1="4" ind2="1" tag="856"><subfield code="u">http://www.virginiachronicle.com/</subfield></datafield></record>